@inproceedings{tjong2003introduction,
  title={Introduction to the CoNLL-2003 shared task: Language-independent named entity recognition},
  author={Tjong Kim Sang, Erik F and De Meulder, Fien},
  booktitle={Proceedings of the seventh conference on Natural language learning at HLT-NAACL 2003-Volume 4},
  pages={142--147},
  year={2003},
  organization={Association for Computational Linguistics}
}

@article{pfeifer1996retrieval,
  title={Retrieval effectiveness of proper name search methods},
  author={Pfeifer, Ulrich and Poersch, Thomas and Fuhr, Norbert},
  journal={Information Processing \& Management},
  volume={32},
  number={6},
  pages={667--679},
  year={1996},
  publisher={Elsevier}
}

@article{poibeau2001proper,
  title={Proper name extraction from non-journalistic texts},
  author={Poibeau, Thierry and Kosseim, Leila},
  journal={Language and computers},
  volume={37},
  number={1},
  pages={144--157},
  year={2001},
  publisher={Rodopi}
}

@inproceedings{fukuda1998toward,
  title={Toward information extraction: identifying protein names from biological papers},
  author={Fukuda, Ken-ichiro and Tsunoda, Tatsuhiko and Tamura, Ayuchi and Takagi, Toshihisa and others},
  booktitle={Pac symp biocomput},
  volume={707},
  number={18},
  pages={707--718},
  year={1998},
  organization={Citeseer}
}

@inproceedings{grishman1996message,
  title={Message Understanding Conference-6: A Brief History.},
  author={Grishman, Ralph and Sundheim, Beth},
  booktitle={COLING},
  volume={96},
  pages={466--471},
  year={1996}
}

@article{bickel1998efficient,
  title={Efficient and adaptive estimation for semiparametric models},
  author={Bickel, Peter J and Klaassen, Chris AJ and Ritov, Yaâ€™acov and Wellner, Jon A and others},
  year={1998},
  publisher={Springer-Verlag}
}


@inproceedings{asahara2003japanese,
  title={Japanese named entity extraction with redundant morphological analysis},
  author={Asahara, Masayuki and Matsumoto, Yuji},
  booktitle={Proceedings of the 2003 Conference of the North American Chapter of the Association for Computational Linguistics on Human Language Technology-Volume 1},
  pages={8--15},
  year={2003},
  organization={Association for Computational Linguistics}
}

@inproceedings{okanohara2006improving,
  title={Improving the scalability of semi-markov conditional random fields for named entity recognition},
  author={Okanohara, Daisuke and Miyao, Yusuke and Tsuruoka, Yoshimasa and Tsujii, Jun'ichi},
  booktitle={Proceedings of the 21st International Conference on Computational Linguistics and the 44th annual meeting of the Association for Computational Linguistics},
  pages={465--472},
  year={2006},
  organization={Association for Computational Linguistics}
}

@article{brin2012reprint,
  title={Reprint of: The anatomy of a large-scale hypertextual web search engine},
  author={Brin, Sergey and Page, Lawrence},
  journal={Computer networks},
  volume={56},
  number={18},
  pages={3825--3833},
  year={2012},
  publisher={Elsevier}
}

@inproceedings{riloff1999learning,
  title={Learning dictionaries for information extraction by multi-level bootstrapping},
  author={Riloff, Ellen and Jones, Rosie},
  booktitle={AAAI/IAAI},
  pages={474--479},
  year={1999}
}

@inproceedings{stanley2013predicting,
  title={Predicting tags for stackoverflow posts},
  author={Stanley, Clayton and Byrne, Michael D},
  booktitle={Proceedings of ICCM},
  volume={2013},
  year={2013}
}

@inproceedings{bazelli2013personality,
  title={On the Personality Traits of StackOverflow Users.},
  author={Bazelli, Blerina and Hindle, Abram and Stroulia, Eleni},
  booktitle={ICSM},
  pages={460--463},
  year={2013}
}


@misc{stackexchange,
  author = {Stack Exchange},
  title = {{Stack Exchange Data Dump}},
  howpublished = "\url{https://archive.org/details/stackexchange}",
  year = {2014}, 
  note = "[Online; accessed 09-September-2016]"
}


@article{porter1980algorithm,
  title={An algorithm for suffix stripping},
  author={Porter, Martin F},
  journal={Program},
  volume={14},
  number={3},
  pages={130--137},
  year={1980},
  publisher={MCB UP Ltd}
}

@inproceedings{bird2006nltk,
  title={NLTK: the natural language toolkit},
  author={Bird, Steven},
  booktitle={Proceedings of the COLING/ACL on Interactive presentation sessions},
  pages={69--72},
  year={2006},
  organization={Association for Computational Linguistics}
}

@article{liimproving,
  title={Improving Named Entity Recognition in Tweets via Detecting Non-Standard Words},
  author={Li, Chen and Liu, Yang}
}
